@article{liu2020differentiate,
  title={Differentiate Everything with a Reversible Embeded Domain-Specific Language},
  author={Liu, Jin-Guo and Zhao, Taine},
  journal={arXiv preprint arXiv:2003.04617},
  year={2020}
}

@article{gantt1910work,
  title={Work, wages and profit, published by The Engineering Magazine},
  author={Gantt, HL},
  journal={New York},
  year={1910}
}

